@book{micro-1,
title = {Микросервисы: паттерны разработки и рефакторинга / Крис Ричардсон. - Санкт-Петербург [и др.] : Питер, Прогресс книга, 2020. - 542 с. -  (Библиотека программиста)},
series = {Библиотека программиста},
author = {Ричардсон, К.},
editor = {Черников, С.},
address = {Санкт-Петербург и др.},
publisher = {Питер Прогресс книга},
year = {2020},
isbn = {978-5-4461-0996-8},
UDK = {004.424 and 004.41.031.6},
Subject = {МИКРОСЕРВИСЫ and ПРОГРАММИРОВАНИЕ and ПРОЕКТИРОВАНИЕ ПРОГРАММНОГО ОБЕСПЕЧЕНИЯ and АРХИТЕКТУРА ВЫЧИСЛИТЕЛЬНОЙ СИСТЕМЫ and РЕФАКТОРИНГ and ПАТТЕРНЫ (программирование) and РАЗРАБОТКА ПРОГРАММНОГО ОБЕСПЕЧЕНИЯ},
Language = {Russian and English},
}

@book{scalability,
  title={The Art of Scalability: Scalable Web Architecture, Processes, and Organizations for the Modern Enterprise},
  author={Abbott, M.L. and Fisher, M.T.},
  isbn={9780137031399},
  url={https://books.google.by/books?id=yzUpD2YbhWwC},
  year={2009},
  publisher={Pearson Education}
}

@inbook{Bolanowski_2022,
   title={Eficiency of REST and gRPC Realizing Communication Tasks in Microservice-Based Ecosystems},
   ISSN={1879-8314},
   url={http://dx.doi.org/10.3233/FAIA220242},
   DOI={10.3233/faia220242},
   booktitle={New Trends in Intelligent Software Methodologies, Tools and Techniques},
   publisher={IOS Press},
   author={Bolanowski, Marek and Żak, Kamil and Paszkiewicz, Andrzej and Ganzha, Maria and Paprzycki, Marcin and Sowiński, Piotr and Lacalle, Ignacio and Palau, Carlos E.},
   year={2022}
  }

@misc{protobuf,
   title={Документация формата описания данных Protocol Buffers [Электронный ресурс] - Режим доступа: https://protobuf.dev. - Дата доступа 10.12.2023}
}

@misc{gRPC,
    title = {Документация сетевого протокола gRPC [Электронный ресурс] - Режим доступа: https://grpc.io. - Дата доступа 10.12.2023}
}

@misc{comp,
    title = {Binary formats shootout [Электронный ресурс] / Bradlee Speice. - Режим доступа: https://speice.io/2019/09/binary-format-shootout.html.  - Дата доступа 10.12.2023}
}
@misc{golang,
    title = {Официальный сайт языка программирования Go [Электронный ресурс] - Режим доступа: https://go.dev/project. - Дата доступа 10.12.2023}
}

@book{
kaban,
title = {Высоконагруженные приложения: программирование, масштабирование, поддержка: [перевод с английского] / Мартин Клеппман. - Санкт-Петербург [и др.] : Питер, Прогресс книга, 2018. - 637 с. -  (Бестселлеры O'Reilly)},
series = {Бестселлеры O'Reilly},
author = {Клеппман, М.},
address = {Санкт-Петербург и др.},
publisher = {Питер Прогресс книга},
year = {2018},
isbn = {978-5-4461-0512-0},
UDK = {004.9:004.42},
Subject = {ПРОГРАММИРОВАНИЕ and ПРИКЛАДНЫЕ ПРОГРАММЫ and МАСШТАБИРОВАНИЕ (программирование)},
Language = {Russian and English},
}

@inproceedings{rombach2022high,
  title={High-resolution image synthesis with latent diffusion models},
  author={Rombach, Robin and Blattmann, Andreas and Lorenz, Dominik and Esser, Patrick and Ommer, Bj{\"o}rn},
  booktitle={Proceedings of the IEEE/CVF conference on computer vision and pattern recognition},
  year={2022. - С. 10684--10695}
}

@inproceedings{gan,
 author = {Goodfellow, Ian and Pouget-Abadie, Jean and Mirza, Mehdi and Xu, Bing and Warde-Farley, David and Ozair, Sherjil and Courville, Aaron and Bengio, Yoshua},
 booktitle = {Advances in Neural Information Processing Systems},
 editor = {Z. Ghahramani and M. Welling and C. Cortes and N. Lawrence and K.Q. Weinberger},
 pages = {},
 publisher = {Curran Associates, Inc.},
 title = {Generative Adversarial Nets},
 url = {https://proceedings.neurips.cc/paper_files/paper/2014/file/5ca3e9b122f61f8f06494c97b1afccf3-Paper.pdf},
 year = {2014. -- T. 27}
}


@misc{foo,
      title={Generative Adversarial Networks}, 
      author={Ian J. Goodfellow and Jean Pouget-Abadie and Mehdi Mirza and Bing Xu and David Warde-Farley and Sherjil Ozair and Aaron Courville and Yoshua Bengio},
      year={2014},
      eprint={1406.2661},
      archivePrefix={arXiv},
      primaryClass={stat.ML}
}